@article{nakano2025spatial,
  title={Spatial clustering and hotspot analysis of portal appearances in Japan},
  author={Nakano, Yuki and Takahashi, Kenji},
  journal={Geospatial Analysis Quarterly},
  volume={12},
  number={3},
  pages={221--235},
  year={2025},
  publisher={Japanese Association of Geospatial Information}
}

@article{kim2027emergence,
  title={The emergence of hunter guilds in response to the interdimensional monster invasion},
  author={Kim, Hyunsoo and Lee, Jungwoo and Sato, Takeshi},
  journal={Journal of Interdimensional Sociology},
  volume={5},
  number={1},
  pages={35--48},
  year={2027},
  publisher={International Association for Interdimensional Studies}
}

@article{yamamoto2026comparative,
  title={Comparative analysis of flora and fauna in Japanese and Chinese dungeons},
  author={Yamamoto, Yuki and Fujita, Kento and Chen, Lin},
  journal={Asian Journal of Anomalous Ecology},
  volume={12},
  number={3},
  pages={221--235},
  year={2026},
  publisher={Asian Association for Anomalous Studies}
}

@article{novikova2027morphological,
  title={Morphological and functional adaptations in the cardiovascular system of individuals with superhuman endurance},
  author={Novikova, Irina and Petrov, Alexei and Fedorova, Elena},
  journal={Cardiovascular Research},
  volume={113},
  number={5},
  pages={567--575},
  year={2027},
  publisher={Oxford University Press}
}

@article{gao2026gut,
  title={Gut microbiome composition in individuals with supernatural abilities: A comparative study},
  author={Gao, Lin and Xu, Xingyu and Qian, Jing},
  journal={Frontiers in Microbiology},
  volume={11},
  pages={1652},
  year={2026},
  publisher={Frontiers Media SA}
}

@article{nguyen2026rise,
  title={The rise of hunter-led local governments in post-catastrophe Vietnam},
  author={Nguyen, Tuan and Agarwal, Amit},
  journal={Journal of Southeast Asian Political Studies},
  volume={11},
  number={3},
  pages={120--135},
  year={2026},
  publisher={Southeast Asian Political Science Association}
}

@article{nakano2026rise,
  title={The rise of hunter guilds in Japan: A comparative analysis of organizational structures and cultural practices},
  author={Nakano, Shigeru and Watanabe, Haruki},
  journal={Asian Journal of Anthropology},
  volume={14},
  number={3},
  pages={221--235},
  year={2026},
  publisher={Asian Anthropological Association}
}

@article{muller2026advancements,
  title={Advancements in portal detection and early warning systems},
  author={MÃ¼ller, Andreas and Bauer, Petra and Hartmann, Thomas},
  journal={European Journal of Applied Physics},
  volume={42},
  number={6},
  pages={1015--1028},
  year={2026},
  publisher={European Physical Society}
}

@article{santos2027behavioral,
  title={Behavioral adaptations of fauna in Brazilian dungeon ecosystems},
  author={Santos, Mariana and Ribeiro, Rafael and Costa, Lucas},
  journal={Neotropical Journal of Dungeon Zoology},
  volume={11},
  number={1},
  pages={33--47},
  year={2027},
  publisher={Neotropical Zoological Association}
}

@article{kowalczyk2026application,
  title={Application of GIS and remote sensing techniques in mapping portal distribution in Poland},
  author={Kowalczyk, Mateusz and Nowicki, Adam and Zawadzki, Krzysztof},
  journal={Polish Journal of Environmental Studies},
  volume={30},
  number={4},
  pages={2715--2728},
  year={2026},
  publisher={Polish Academy of Sciences}
}

@article{lee2027psychological,
  title={The psychological impact of awakening on individuals and their families},
  author={Lee, Soonjae and Choi, Jiyoung},
  journal={Journal of Clinical Psychology},
  volume={83},
  number={4},
  pages={612--627},
  year={2027},
  publisher={Wiley-Blackwell}
}

@article{sokolov2026rituals,
  title={Rituals, symbols, and social cohesion: An anthropological analysis of Russian hunter guilds},
  author={Sokolov, Andrey and Volkova, Ekaterina},
  journal={Eurasian Anthropology},
  volume={12},
  number={2},
  pages={144--159},
  year={2026},
  publisher={Eurasian Anthropological Association}
}

@article{nakamura2026shinto,
  title={Shinto rituals and the spiritual significance of the catastrophe in Japan},
  author={Nakamura, Yuko and Tanaka, Kazuki},
  journal={Japanese Journal of Religious Studies},
  volume={53},
  number={2},
  pages={179--194},
  year={2026},
  publisher={Nanzan University}
}

@article{sakamoto2026emergence,
  title={The emergence of a new resource-based economy: A case study of Japan's dungeon-derived materials market},
  author={Sakamoto, Yuki and Kobayashi, Kenji},
  journal={Asian Economic Journal},
  volume={41},
  number={3},
  pages={285--301},
  year={2026},
  publisher={Wiley-Blackwell}
}

@article{ishikawa2026rise,
  title={The rise of hunter-led local governments in Japan: A comparative analysis},
  author={Ishikawa, Hiroshi and Nakajima, Yuki},
  journal={Japanese Political Science Review},
  volume={8},
  number={2},
  pages={135--152},
  year={2026},
  publisher={Japanese Political Science Association}
}

@article{nakamura2027rise,
  title={The rise of neo-feudalism: Power dynamics between hunter guilds and governments},
  author={Nakamura, Satoshi and Watanabe, Yuki},
  journal={Asian Journal of Social Sciences},
  volume={12},
  number={3},
  pages={78--92},
  year={2027},
  publisher={Asian Social Science Association}
}

@article{ishikawa2026japan,
  title={Japan's Hunter Council and its influence on national policy-making},
  author={Ishikawa, Hiroshi and Nakajima, Yuki},
  journal={Japanese Journal of Political Science},
  volume={17},
  number={3},
  pages={310--325},
  year={2026},
  publisher={Cambridge University Press}
}