@article{Nakamura2025,
  title={The emergence of portals and dungeons: A new frontier for human exploration and resource extraction},
  author={Nakamura, T. and Yamamoto, K.},
  journal={Journal of Interdimensional Studies},
  volume={1},
  number={1},
  pages={1--15},
  year={2025},
  publisher={Springer}
}

@article{Yamamoto2026,
  title={Awakened individuals: Characteristics, abilities, and roles in the post-catastrophe world},
  author={Yamamoto, S. and Sato, R.},
  journal={Journal of Supernatural Sociology},
  volume={3},
  number={2},
  pages={120--135},
  year={2026},
  publisher={Elsevier}
}

@article{Sato2025,
  title={Hunter guilds: A new type of organization for dungeon exploration and monster fighting},
  author={Sato, R. and Watanabe, H.},
  journal={Anthropological Quarterly},
  volume={88},
  number={3},
  pages={589--610},
  year={2025},
  publisher={George Washington University Institute for Ethnographic Research}
}

@article{Watanabe2026,
  title={The economic and social impacts of hunter guilds in Japan},
  author={Watanabe, H. and Nakamura, T.},
  journal={Japanese Journal of Applied Economics},
  volume={42},
  number={1},
  pages={25--48},
  year={2026},
  publisher={Wiley}
}

@article{Mori2025,
  title={Japan's response to the Portal Catastrophe: Policies, challenges, and opportunities},
  author={Mori, K.},
  journal={Asian Policy Review},
  volume={10},
  number={2},
  pages={80--95},
  year={2025},
  publisher={Wiley}
}

@article{Yoshida2025,
  title={Regulating hunter guilds: A comparative analysis of government policies in Japan, South Korea, and China},
  author={Yoshida, A. and Park, J. and Chen, L.},
  journal={Pacific Affairs},
  volume={98},
  number={3},
  pages={435--460},
  year={2025},
  publisher={University of British Columbia}
}

@article{Takahashi2026,
  title={Organizational theories and the study of hunter guilds: A critical review},
  author={Takahashi, N.},
  journal={Organization Science},
  volume={37},
  number={2},
  pages={310--333},
  year={2026},
  publisher={INFORMS}
}

@book{Weber1947,
  title={The theory of social and economic organization},
  author={Weber, M.},
  year={1947},
  publisher={Oxford University Press}
}

@book{Taylor1911,
  title={The principles of scientific management},
  author={Taylor, F.W.},
  year={1911},
  publisher={Harper \& Brothers}
}

@article{Lawrence1967,
  title={Differentiation and integration in complex organizations},
  author={Lawrence, P.R. and Lorsch, J.W.},
  journal={Administrative Science Quarterly},
  pages={1--47},
  year={1967},
  publisher={SAGE Publications}
}

@book{Pfeffer1978,
  title={The external control of organizations: A resource dependence perspective},
  author={Pfeffer, J. and Salancik, G.R.},
  year={1978},
  publisher={Harper \& Row}
}

@article{Borgatti2009,
  title={Network analysis in the social sciences},
  author={Borgatti, S.P. and Mehra, A. and Brass, D.J. and Labianca, G.},
  journal={Science},
  volume={323},
  number={5916},
  pages={892--895},
  year={2009},
  publisher={American Association for the Advancement of Science}
}

@book{Latour2005,
  title={Reassembling the social: An introduction to actor-network-theory},
  author={Latour, B.},
  year={2005},
  publisher={Oxford University Press}
}

@article{Sato2026,
  title={Collaborative dynamics in hunter guilds: A social network analysis},
  author={Sato, R. and Yamamoto, S. and Watanabe, H.},
  journal={Social Networks},
  volume={68},
  pages={110--125},
  year={2026},
  publisher={Elsevier}
}

@article{Nakamura2026a,
  title={Classifying awakened abilities: A typology and research agenda},
  author={Nakamura, T. and Yamamoto, S.},
  journal={Journal of Supernatural Studies},
  volume={2},
  number={3},
  pages={200--215},
  year={2026},
  publisher={Oxford University Press}
}

@article{Watanabe2026a,
  title={Adapting to uncertainty: Organizational resilience in hunter guilds},
  author={Watanabe, H. and Takahashi, N.},
  journal={Journal of Contingencies and Crisis Management},
  volume={34},
  number={1},
  pages={18--35},
  year={2026},
  publisher={Wiley}
}

@article{Braun2006,
  title={Using thematic analysis in psychology},
  author={Braun, V. and Clarke, V.},
  journal={Qualitative Research in Psychology},
  volume={3},
  number={2},
  pages={77--101},
  year={2006},
  publisher={Taylor \& Francis}
}

@article{Yamamoto2025,
  title={Mapping the unknown: A survey of dungeon types and characteristics in Japan},
  author={Yamamoto, K. and Nakamura, T.},
  journal={Journal of Dungeon Studies},
  volume={1},
  number={2},
  pages={50--75},
  year={2025},
  publisher={Elsevier}
}

@article{Sato2025a,
  title={Creatures of the dungeons: A biological and ecological classification},
  author={Sato, R. and Yamamoto, K.},
  journal={Journal of Interdimensional Biology},
  volume={2},
  number={1},
  pages={35--60},
  year={2025},
  publisher={Springer}
}

@article{Mori2026,
  title={Dungeon resources and their implications for industrial development},
  author={Mori, K. and Sato, R.},
  journal={Resource Policy},
  volume={75},
  pages={101--115},
  year={2026},
  publisher={Elsevier}
}