@article{Nakamura2026,
  title={The rise of hunter guilds in Japan: A comparative analysis of organizational structures and cultural practices},
  author={Nakano, S. and Watanabe, H.},
  journal={Asian Journal of Anthropology},
  volume={14},
  number={3},
  pages={221--235},
  year={2026},
  publisher={Taylor \& Francis}
}

@article{Chen2026,
  title={The emergence of supernatural terrorism and its impact on global security},
  author={Chen, X. and Liu, J.},
  journal={International Journal of Supernatural Security Studies},
  volume={3},
  number={1},
  pages={44--58},
  year={2026},
  publisher={Routledge}
}

@article{Novikova2027,
  title={Morphological and functional adaptations in the cardiovascular system of individuals with superhuman endurance},
  author={Novikova, I. and Petrov, A. and Fedorova, E.},
  journal={Cardiovascular Research},
  volume={113},
  number={5},
  pages={567--575},
  year={2027},
  publisher={Oxford University Press}
}

@article{Kowalczyk2026,
  title={Application of GIS and remote sensing techniques in mapping portal distribution in Poland},
  author={Kowalczyk, M. and Nowicki, A. and Zawadzki, K.},
  journal={Polish Journal of Environmental Studies},
  volume={30},
  number={4},
  pages={2715--2728},
  year={2026},
  publisher={HARD Publishing Company}
}

@article{Oliveira2027,
  title={Genetic polymorphisms associated with the development of psychokinetic abilities in a Brazilian cohort},
  author={Oliveira, B. and Souza, R. and Pereira, P.},
  journal={American Journal of Human Genetics},
  volume={101},
  number={3},
  pages={359--367},
  year={2027},
  publisher={Elsevier}
}

@article{Gao2026,
  title={Gut microbiome composition in individuals with supernatural abilities: A comparative study},
  author={Gao, L. and Xu, X. and Qian, J.},
  journal={Frontiers in Microbiology},
  volume={11},
  pages={1652},
  year={2026},
  publisher={Frontiers Media SA}
}

@article{Nguyen2026,
  title={The rise of hunter-led local governments in post-catastrophe Vietnam},
  author={Nguyen, T. and Agarwal, A.},
  journal={Journal of Southeast Asian Political Studies},
  volume={11},
  number={3},
  pages={120--135},
  year={2026},
  publisher={Wiley}
}

@article{Ishikawa2026,
  title={Japan's "Hunter Council" and its influence on national policy-making},
  author={Ishikawa, H. and Nakajima, Y.},
  journal={Japanese Journal of Political Science},
  volume={17},
  number={3},
  pages={310--325},
  year={2026},
  publisher={Cambridge University Press}
}

@article{Seo2027,
  title={Shamanism, modernity, and the evolution of South Korean hunter guilds},
  author={Seo, J. and Chung, H.},
  journal={Journal of East Asian Anthropology},
  volume={16},
  number={1},
  pages={77--92},
  year={2027},
  publisher={University of Hawai'i Press}
}

@article{Branson2027,
  title={The United States' "Supernatural Threats Task Force" and its role in shaping domestic and foreign policy},
  author={Branson, E. and Fitzgerald, L.},
  journal={American Political Science Review},
  volume={111},
  number={2},
  pages={268--283},
  year={2027},
  publisher={Cambridge University Press}
}

@article{Nakano2026,
  title={The rise of hunter guilds in Japan: A comparative analysis of organizational structures and cultural practices},
  author={Nakano, S. and Watanabe, H.},
  journal={Asian Journal of Anthropology},
  volume={14},
  number={3},
  pages={221--235},
  year={2026},
  publisher={Taylor \& Francis}
}

@article{Lee2027,
  title={The psychological impact of awakening on individuals and their families},
  author={Lee, S. and Choi, J.},
  journal={Journal of Clinical Psychology},
  volume={83},
  number={4},
  pages={612--627},
  year={2027},
  publisher={Wiley}
}

@article{Nowak2027,
  title={Mana control techniques: Best practices for instructing awakened individuals},
  author={Nowak, E. and Kowalska, A.},
  journal={Journal of Psychokinesis and Parapsychology},
  volume={33},
  number={2},
  pages={120--134},
  year={2027},
  publisher={American Psychological Association}
}

@article{Hofstede2027,
  title={Navigating power, gender, and leadership in Dutch hunter guilds},
  author={Hofstede, E. and van der Meer, J.},
  journal={European Journal of Anthropological Studies},
  volume={33},
  number={3},
  pages={281--296},
  year={2027},
  publisher={Brill}
}

@article{Yamamoto2026,
  title={Comparative analysis of flora and fauna in Japanese and Chinese dungeons},
  author={Yamamoto, Y. and Fujita, K. and Chen, L.},
  journal={Asian Journal of Anomalous Ecology},
  volume={12},
  number={3},
  pages={221--235},
  year={2026},
  publisher={Elsevier}
}

@article{Santos2027,
  title={Behavioral adaptations of fauna in Brazilian dungeon ecosystems},
  author={Santos, M. and Ribeiro, R. and Costa, L.},
  journal={Neotropical Journal of Dungeon Zoology},
  volume={11},
  number={1},
  pages={33--47},
  year={2027},
  publisher={Springer}
}

@article{Nakano2027,
  title={The role of language in shaping public perceptions of awakened individuals},
  author={Nakano, T. and Dubois, M.},
  journal={Journal of Language and Social Psychology},
  volume={46},
  number={2},
  pages={178--195},
  year={2027},
  publisher={SAGE Publications}
}

@article{Krasniqi2027,
  title={Regulating the trade of anomalous resources: A comparative analysis of European Union policies},
  author={Krasniqi, E. and Kováč, P.},
  journal={European Journal of Law and Economics},
  volume={53},
  number={1},
  pages={75--93},
  year={2027},
  publisher={Springer}
}

@article{Sakamoto2026,
  title={The emergence of a new resource-based economy: A case study of Japan's dungeon-derived materials market},
  author={Sakamoto, Y. and Kobayashi, K.},
  journal={Asian Economic Journal},
  volume={41},
  number={3},
  pages={285--301},
  year={2026},
  publisher={Wiley}
}

@article{Fedorova2027,
  title={The role of state-owned enterprises in Russia's post-catastrophe resource management strategy},
  author={Fedorova, N. and Sokolov, A.},
  journal={Problems of Economic Transition},
  volume={59},
  number={3-4},
  pages={180--195},
  year={2027},
  publisher={Taylor \& Francis}
}

@article{Kwon2026,
  title={South Korea's dungeon-tech industry: Innovation, growth, and global competitiveness},
  author={Kwon, J. and Seo, S. and Chung, Y.},
  journal={Asian Pacific Business Review},
  volume={22},
  number={4},
  pages={550--568},
  year={2026},
  publisher={Routledge}
}

@article{Liang2026,
  title={Changing work ethics and organizational commitment in China's post-catastrophe workforce},
  author={Liang, X. and Cheng, W.},
  journal={Chinese Journal of Sociology},
  volume={42},
  number={3},
  pages={315--331},
  year={2026},
  publisher={SAGE Publications}
}

@article{Nakamura2027,
  title={The rise of neo-feudalism: Power dynamics between hunter guilds and governments},
  author={Nakamura, S. and Watanabe, Y.},
  journal={Asian Journal of Social Sciences},
  volume={12},
  number={3},
  pages={78--92},
  year={2027},
  publisher={Brill}
}

@article{Sokolov2026,
  title={Rituals, symbols, and social cohesion: An anthropological analysis of Russian hunter guilds},
  author={Sokolov, A. and Volkova, E.},
  journal={Eurasian Anthropology},
  volume={12},
  number={2},
  pages={144--159},
  year={2026},
  publisher={Routledge}
}

@article{Mayer2027,
  title={Temporal and spatial analysis of portal emergence patterns in Germany},
  author={Mayer, S. and Schneider, H. and Wagner, M.},
  journal={Zeitschrift für Geowissenschaften},
  volume={33},
  number={1},
  pages={28--41},
  year={2027},
  publisher={Schweizerbart Science Publishers}
}