@article{Nunnally1978,
  title={Psychometric theory},
  author={Nunnally, Jum C},
  year={1978},
  publisher={McGraw-Hill}
}

@article{Cicchetti1994,
  title={Guidelines, criteria, and rules of thumb for evaluating normed and standardized assessment instruments in psychology},
  author={Cicchetti, Domenic V},
  journal={Psychological Assessment},
  volume={6},
  number={4},
  pages={284},
  year={1994},
  publisher={American Psychological Association}
}

@article{Nakamura2026,
  title={The emergence of dungeon ecosystems: A preliminary analysis},
  author={Nakamura, Taro and Yamamoto, Sakura},
  journal={Journal of Dungeon Ecology},
  volume={3},
  number={2},
  pages={112--128},
  year={2026}
}

@article{Kimura2026,
  title={Mana as a novel energy source: Properties, applications, and implications},
  author={Kimura, Haruki and Sato, Yumi},
  journal={Energy Research Letters},
  volume={14},
  number={3},
  pages={223--235},
  year={2026}
}

@article{Sato2027,
  title={Hunters and their guilds: The rise of a new profession in the post-catastrophe world},
  author={Sato, Ryusei and Takahashi, Naoki and Watanabe, Hiroshi},
  journal={Journal of Occupational Studies},
  volume={41},
  number={1},
  pages={55--67},
  year={2027}
}

@article{Watanabe2027,
  title={Organizational dynamics of hunter guilds: A comparative analysis},
  author={Watanabe, Kenji and Nakamura, Yuta},
  journal={International Journal of Organizational Analysis},
  volume={29},
  number={3},
  pages={415--432},
  year={2027},
  publisher={Emerald Publishing Limited}
}

@article{Fujita2026,
  title={The Fujita-Sato scale: A new classification system for dungeons and awakened abilities},
  author={Fujita, Hiroki and Sato, Kazuo},
  journal={Dungeon Research Quarterly},
  volume={8},
  number={1},
  pages={3--15},
  year={2026}
}

@article{Choi2027,
  title={Prevalence and distribution of awakened abilities in South Korea: A nationwide survey},
  author={Choi, Ji-yoon and Park, Min-soo},
  journal={Korean Journal of Supernatural Studies},
  volume={13},
  number={2},
  pages={88--102},
  year={2027}
}

@article{Kim2026,
  title={Critique of the Fujita-Sato scale: Limitations and alternatives},
  author={Kim, Jae-sung and Lee, Soo-yeon},
  journal={Journal of Dungeon Studies},
  volume={5},
  number={3},
  pages={212--225},
  year={2026}
}

@book{Furr2014,
  title={Psychometrics: An introduction},
  author={Furr, R Michael},
  year={2014},
  publisher={SAGE publications}
}

@article{Park2027,
  title={Ethical considerations in the assessment and selection of awakened individuals},
  author={Park, Eun-ji and Choi, Sung-min},
  journal={Journal of Applied Ethics},
  volume={39},
  number={2},
  pages={144--159},
  year={2027},
  publisher={Wiley Online Library}
}