@article{nakamura2026,
  title={The emergence of portals and dungeons in Japan: A sociological perspective},
  author={Nakamura, T. and Tanaka, K.},
  journal={Japanese Journal of Sociology},
  volume={68},
  number={3},
  pages={215--228},
  year={2026},
  publisher={The Japan Sociological Society}
}

@book{hardacre2017,
  title={Shinto: A history},
  author={Hardacre, H.},
  year={2017},
  publisher={Oxford University Press}
}

@article{yamamoto2027,
  title={Shinto and the 2025 catastrophe: Continuity and change in Japanese religion},
  author={Yamamoto, H. and Saito, T.},
  journal={Journal of Religion in Japan},
  volume={16},
  number={2},
  pages={135--158},
  year={2027},
  publisher={Brill}
}

@book{nelson2000,
  title={Enduring identities: The guise of Shinto in contemporary Japan},
  author={Nelson, J.},
  year={2000},
  publisher={University of Hawaii Press}
}

@article{sato2026,
  title={Anomalous phenomena and the challenge to Shinto worldviews},
  author={Sato, Y. and Watanabe, R.},
  journal={Studies in Religion},
  volume={45},
  number={1},
  pages={92--110},
  year={2026},
  publisher={SAGE Publications}
}

@article{kim2027,
  title={The rise of hunter guilds in post-catastrophe Japan},
  author={Kim, J. and Nakamura, S. and Ito, K.},
  journal={Asian Journal of Social Science},
  volume={49},
  number={3},
  pages={281--304},
  year={2027},
  publisher={Brill}
}

@article{lee2027,
  title={Awakened individuals and the transformation of Japanese society},
  author={Lee, S. and Tanaka, M.},
  journal={Japanese Journal of Political Science},
  volume={28},
  number={2},
  pages={194--213},
  year={2027},
  publisher={Cambridge University Press}
}

@article{nakano2026,
  title={Urban resilience and the impact of the 2025 catastrophe in Japan},
  author={Nakano, K. and Fujita, H.},
  journal={Cities},
  volume={115},
  pages={103--118},
  year={2026},
  publisher={Elsevier}
}

@article{sato2027,
  title={Collaboration between hunter guilds and the Japanese government in post-catastrophe management},
  author={Sato, R. and Yamada, T.},
  journal={Public Administration Review},
  volume={87},
  number={4},
  pages={745--759},
  year={2027},
  publisher={Wiley}
}

@article{yamamoto2026,
  title={Classifying the unclassifiable: Typologies of dungeon environments in post-catastrophe Japan},
  author={Yamamoto, K. and Ishikawa, M.},
  journal={Anthropological Quarterly},
  volume={99},
  number={2},
  pages={289--311},
  year={2026},
  publisher={The George Washington University Institute for Ethnographic Research}
}

@article{fujita2027,
  title={Interspecies communication and the challenges of dungeon exploration},
  author={Fujita, S. and Nakamura, Y.},
  journal={Journal of Linguistic Anthropology},
  volume={37},
  number={1},
  pages={61--79},
  year={2027},
  publisher={American Anthropological Association}
}

@article{nakamura2027,
  title={Social stratification and the rise of hunter guilds in post-catastrophe Japan},
  author={Nakamura, H. and Sato, K.},
  journal={Sociological Theory},
  volume={45},
  number={3},
  pages={218--236},
  year={2027},
  publisher={SAGE Publications}
}

@book{breen2010,
  title={A new history of Shinto},
  author={Breen, J. and Teeuwen, M.},
  year={2010},
  publisher={Wiley-Blackwell}
}

@book{picken2002,
  title={Sourcebook in Shinto: Selected documents},
  author={Picken, S. D.},
  year={2002},
  publisher={Greenwood Publishing Group}
}

@article{reader1998,
  title={Studies in Shinto and shrines},
  author={Reader, I.},
  journal={Japanese Journal of Religious Studies},
  volume={25},
  number={3-4},
  pages={227--244},
  year={1998},
  publisher={Nanzan University}
}

@article{braun2006,
  title={Using thematic analysis in psychology},
  author={Braun, V. and Clarke, V.},
  journal={Qualitative Research in Psychology},
  volume={3},
  number={2},
  pages={77--101},
  year={2006},
  publisher={Taylor \& Francis}
}

@book{glaser1968,
  title={The discovery of grounded theory: Strategies for qualitative research},
  author={Glaser, B. G. and Strauss, A. L.},
  year={1968},
  publisher={Aldine Transaction}
}

@article{rots2017,
  title={Shinto, nature and ideology in contemporary Japan: Making sacred forests},
  author={Rots, A. P.},
  journal={Bloomsbury Publishing},
  year={2017},
  publisher={Bloomsbury Publishing}
}

@article{chan2011,
  title={The role of religion in the Hurricane Katrina recovery process},
  author={Chan, C. S. and Rhodes, J. E. and PÃ©rez, J. E.},
  journal={Journal of Religion and Health},
  volume={50},
  number={3},
  pages={646--659},
  year={2011},
  publisher={Springer}
}

@article{mclaughlin2013,
  title={What have religious groups done after 3.11? Part 1: A brief survey of religious mobilization after the Great East Japan earthquake disasters},
  author={McLaughlin, L.},
  journal={Religion Compass},
  volume={7},
  number={8},
  pages={294--308},
  year={2013},
  publisher={Wiley Online Library}
}

@book{tierney2014,
  title={The social roots of risk: Producing disasters, promoting resilience},
  author={Tierney, K.},
  year={2014},
  publisher={Stanford University Press}
}

@book{chandler2016,
  title={Resilience: The governance of complexity},
  author={Chandler, D.},
  year={2016},
  publisher={Routledge}
}