@article{Mikhailov2026,
  title={The emergence of dungeons in Russia: A geographical analysis},
  author={Mikhailov, Dmitry and Ivanova, Olga},
  journal={Russian Journal of Geography},
  volume={134},
  number={2},
  pages={115--129},
  year={2026},
  publisher={Elsevier}
}

@article{Petrov2027,
  title={Anomalous resource exploitation in Russian dungeons: Challenges and opportunities},
  author={Petrov, Alexei and Sidorova, Natalia},
  journal={Eurasian Economic Review},
  volume={17},
  number={1},
  pages={85--103},
  year={2027},
  publisher={Springer}
}

@article{Ivanov2026,
  title={State control over anomalous resources in Russia: The role of state-owned enterprises},
  author={Ivanov, Sergei and Kuznetsov, Andrei},
  journal={Problems of Economic Transition},
  volume={58},
  number={7-8},
  pages={612--630},
  year={2026},
  publisher={Taylor \& Francis}
}

@book{Goldman2008,
  title={Petrostate: Putin, power, and the new Russia},
  author={Goldman, Marshall I},
  year={2008},
  publisher={Oxford University Press}
}

@article{Sprenger2010,
  title={State ownership in the Russian economy: Its magnitude, structure and governance problems},
  author={Sprenger, Carsten},
  journal={Journal of the New Economic Association},
  volume={7},
  pages={1--23},
  year={2010}
}

@article{Smirnov2026,
  title={Geopolitical implications of Russia's dungeon resource management strategy},
  author={Smirnov, Vladimir and Popova, Ekaterina},
  journal={Eurasian Geography and Economics},
  volume={67},
  number={3},
  pages={283--302},
  year={2026},
  publisher={Taylor \& Francis}
}

@article{Chen2026,
  title={A comparative analysis of national strategies for dungeon resource management},
  author={Chen, Jie and Wang, Hui},
  journal={Resource Policy},
  volume={73},
  pages={101--115},
  year={2026},
  publisher={Elsevier}
}

@article{Nakamura2027,
  title={Public-private partnerships in dungeon resource management: Lessons from Japan and South Korea},
  author={Nakamura, Hiroshi and Kim, Min-Soo},
  journal={Asian Economic Policy Review},
  volume={22},
  number={2},
  pages={180--197},
  year={2027},
  publisher={Wiley}
}

@article{Popov2026,
  title={The political economy of Russia's state-centric approach to dungeon resource management},
  author={Popov, Alexander},
  journal={Post-Communist Economies},
  volume={38},
  number={4},
  pages={445--463},
  year={2026},
  publisher={Taylor \& Francis}
}

@article{Kuznetsova2027,
  title={State-owned enterprises and the anomalous energy sector in Russia},
  author={Kuznetsova, Olga and Volkov, Dmitry},
  journal={Eurasian Geography and Economics},
  volume={68},
  number={1},
  pages={56--74},
  year={2027},
  publisher={Taylor \& Francis}
}

@article{Wang2026,
  title={China's dungeon diplomacy: Leveraging anomalous resources for geopolitical influence},
  author={Wang, Chen and Liu, Yifei},
  journal={The Pacific Review},
  volume={39},
  number={3},
  pages={401--425},
  year={2026},
  publisher={Taylor \& Francis}
}

@article{Singh2027,
  title={Cooperation and conflict in South Asian dungeon resource management},
  author={Singh, Priyanka and Rahman, Atiqur},
  journal={South Asian Survey},
  volume={24},
  number={2},
  pages={143--160},
  year={2027},
  publisher={SAGE Publications}
}

@book{Bryman2016,
  title={Social research methods},
  author={Bryman, Alan},
  year={2016},
  publisher={Oxford University Press}
}

@book{Patton2002,
  title={Qualitative research and evaluation methods},
  author={Patton, Michael Quinn},
  year={2002},
  publisher={SAGE Publications}
}

@article{Noy2008,
  title={Sampling knowledge: The hermeneutics of snowball sampling in qualitative research},
  author={Noy, Chaim},
  journal={International Journal of Social Research Methodology},
  volume={11},
  number={4},
  pages={327--344},
  year={2008},
  publisher={Taylor \& Francis}
}

@article{Braun2006,
  title={Using thematic analysis in psychology},
  author={Braun, Virginia and Clarke, Victoria},
  journal={Qualitative Research in Psychology},
  volume={3},
  number={2},
  pages={77--101},
  year={2006},
  publisher={Taylor \& Francis}
}

@book{Lincoln1985,
  title={Naturalistic inquiry},
  author={Lincoln, Yvonna S and Guba, Egon G},
  year={1985},
  publisher={SAGE Publications}
}

@article{Megginson2001,
  title={From state to market: A survey of empirical studies on privatization},
  author={Megginson, William L and Netter, Jeffry M},
  journal={Journal of Economic Literature},
  volume={39},
  number={2},
  pages={321--389},
  year={2001},
  publisher={American Economic Association}
}

@article{Cuervo-Cazurra2014,
  title={Governments as owners: State-owned multinational companies},
  author={Cuervo-Cazurra, Alvaro and Inkpen, Andrew and Musacchio, Aldo and Ramaswamy, Kannan},
  journal={Journal of International Business Studies},
  volume={45},
  number={8},
  pages={919--942},
  year={2014},
  publisher={Springer}
}

@article{Acemoglu2012,
  title={The network origins of aggregate fluctuations},
  author={Acemoglu, Daron and Carvalho, Vasco M and Ozdaglar, Asuman and Tahbaz-Salehi, Alireza},
  journal={Econometrica},
  volume={80},
  number={5},
  pages={1977--2016},
  year={2012},
  publisher={Wiley Online Library}
}

@article{Sachs2007,
  title={Poverty and natural resource management},
  author={Sachs, Jeffrey D and Reid, Walter V},
  journal={Scientific American},
  volume={296},
  number={5},
  pages={42--49},
  year={2007},
  publisher={JSTOR}
}