@article{Berger2012,
  title={Rescuers at risk: a systematic review and meta-regression analysis of the worldwide current prevalence and correlates of PTSD in rescue workers},
  author={Berger, William and Coutinho, Evandro Silva Freire and Figueira, Ivan and Marques-Portella, Carla and Luz, Mariana Pires and Neylan, Thomas C and Marmar, Charles R and Mendlowicz, Mauro Vitor},
  journal={Social psychiatry and psychiatric epidemiology},
  volume={47},
  number={6},
  pages={1001--1011},
  year={2012},
  publisher={Springer}
}

@article{Braun2006,
  title={Using thematic analysis in psychology},
  author={Braun, Virginia and Clarke, Victoria},
  journal={Qualitative research in psychology},
  volume={3},
  number={2},
  pages={77--101},
  year={2006},
  publisher={Taylor \& Francis}
}

@article{Chen2026,
  title={The emergence of supernatural terrorism and its impact on global security},
  author={Chen, Xiaoming and Liu, Jian},
  journal={International Journal of Supernatural Security Studies},
  volume={3},
  number={1},
  pages={44--58},
  year={2026}
}

@article{Connor2003,
  title={Development of a new resilience scale: The Connor-Davidson resilience scale (CD-RISC)},
  author={Connor, Kathryn M and Davidson, Jonathan RT},
  journal={Depression and anxiety},
  volume={18},
  number={2},
  pages={76--82},
  year={2003},
  publisher={Wiley Online Library}
}

@article{Corrigan2004,
  title={How stigma interferes with mental health care},
  author={Corrigan, Patrick},
  journal={American psychologist},
  volume={59},
  number={7},
  pages={614},
  year={2004},
  publisher={American Psychological Association}
}

@article{Greyson1997,
  title={The near-death experience as a focus of clinical attention},
  author={Greyson, Bruce},
  journal={The Journal of Nervous and Mental Disease},
  volume={185},
  number={5},
  pages={327--334},
  year={1997},
  publisher={LWW}
}

@article{Kim2027,
  title={The emergence of hunter guilds in response to the interdimensional monster invasion},
  author={Kim, Hyun-ji and Lee, Jae-eun and Sato, Takuya},
  journal={Journal of Interdimensional Sociology},
  volume={5},
  number={1},
  pages={35--48},
  year={2027}
}

@article{Kowalczyk2027,
  title={The role of language in shaping public perceptions of awakened individuals},
  author={Kowalczyk, Andrzej and Nowak, Piotr},
  journal={Journal of Language and Social Psychology},
  volume={46},
  number={2},
  pages={178--195},
  year={2027}
}

@article{Lee2027,
  title={The psychological impact of awakening on individuals and their families},
  author={Lee, Seung-hwan and Choi, Ji-yeong},
  journal={Journal of Clinical Psychology},
  volume={83},
  number={4},
  pages={612--627},
  year={2027}
}

@article{McKnight2009,
  title={Meaning in life as a subjective judgment and a lived experience},
  author={McKnight, Patrick E and Kashdan, Todd B},
  journal={Social and Personality Psychology Compass},
  volume={3},
  number={4},
  pages={638--653},
  year={2009},
  publisher={Wiley Online Library}
}

@article{Nakamura2027,
  title={The rise of neo-feudalism: Power dynamics between hunter guilds and governments},
  author={Nakamura, Satoshi and Watanabe, Yuki},
  journal={Asian Journal of Social Sciences},
  volume={12},
  number={3},
  pages={78--92},
  year={2027}
}

@article{Nowak2027,
  title={Mana control techniques: Best practices for instructing awakened individuals},
  author={Nowak, Ewa and Kowalska, Anna},
  journal={Journal of Psychokinesis and Parapsychology},
  volume={33},
  number={2},
  pages={120--134},
  year={2027}
}

@article{Pargament2006,
  title={The meaning of spiritual transformation},
  author={Pargament, Kenneth I},
  journal={Spiritual transformation and healing: Anthropological, theological, neuroscientific, and clinical perspectives},
  pages={10--24},
  year={2006},
  publisher={AltaMira Press}
}

@article{Smith2014,
  title={The role of resilience and purpose in life in habituation to heat and cold pain},
  author={Smith, Bruce W and Tooley, Erin M and Montague, Erica Q and Robinson, Amanda E and Cosper, Cynthia J and Mullins, Paul G},
  journal={The Journal of Pain},
  volume={15},
  number={5},
  pages={493--500},
  year={2014},
  publisher={Elsevier}
}

@article{Southwick2005,
  title={The psychobiology of depression and resilience to stress: implications for prevention and treatment},
  author={Southwick, Steven M and Vythilingam, Meena and Charney, Dennis S},
  journal={Annu. Rev. Clin. Psychol.},
  volume={1},
  pages={255--291},
  year={2005},
  publisher={Annual Reviews}
}

@article{Susman2000,
  title={The social-emotional processing model of disability},
  author={Susman, Joan},
  journal={Disability Studies Quarterly},
  volume={20},
  number={4},
  year={2000}
}

@article{Tedeschi2004,
  title={Posttraumatic growth: Conceptual foundations and empirical evidence},
  author={Tedeschi, Richard G and Calhoun, Lawrence G},
  journal={Psychological inquiry},
  volume={15},
  number={1},
  pages={1--18},
  year={2004},
  publisher={Taylor \& Francis}
}

@article{Weiss2007,
  title={The impact of event scale: revised},
  author={Weiss, Daniel S},
  journal={Cross-cultural assessment of psychological trauma and PTSD},
  pages={219--238},
  year={2007},
  publisher={Springer}
}

@article{Zimet1988,
  title={The multidimensional scale of perceived social support},
  author={Zimet, Gregory D and Dahlem, Nancy W and Zimet, Sara G and Farley, Gordon K},
  journal={Journal of personality assessment},
  volume={52},
  number={1},
  pages={30--41},
  year={1988},
  publisher={Taylor \& Francis}
}