@article{Nakamura2026,
  title={The emergence of dungeons and the post-catastrophe world},
  author={Nakamura, T. and Sato, K.},
  journal={Journal of Interdimensional Studies},
  volume={1},
  number={1},
  pages={1--15},
  year={2026},
  publisher={Interdimensional Research Association}
}

@article{Lee2026,
  title={Characteristics and classifications of awakened individuals},
  author={Lee, J. and Kim, M.},
  journal={Journal of Supernatural Abilities Research},
  volume={3},
  number={2},
  pages={101--115},
  year={2026},
  publisher={Society for the Study of Supernatural Phenomena}
}

@article{Kim2026,
  title={The role of hunter guilds in post-catastrophe society},
  author={Kim, H. and Park, S.},
  journal={Journal of Interdimensional Sociology},
  volume={2},
  number={3},
  pages={75--89},
  year={2026},
  publisher={Interdimensional Sociological Association}
}

@article{Chen2026,
  title={Potential risks and consequences of uncontrolled mana use},
  author={Chen, L. and Wang, X.},
  journal={Journal of Mana Research},
  volume={4},
  number={1},
  pages={23--35},
  year={2026},
  publisher={Mana Research Society}
}

@article{Muller2026,
  title={Training methods for awakened individuals in hunter guilds},
  author={Muller, A. and Schmidt, H.},
  journal={Journal of Awakened Education},
  volume={2},
  number={2},
  pages={55--68},
  year={2026},
  publisher={Awakened Education Association}
}

@article{Nakano2026,
  title={Properties and behavior of mana in post-catastrophe environments},
  author={Nakano, Y. and Suzuki, T.},
  journal={Journal of Mana Science},
  volume={5},
  number={3},
  pages={210--225},
  year={2026},
  publisher={Mana Science Society}
}

@article{Sato2026,
  title={Theories on the origin and nature of mana},
  author={Sato, R. and Tanaka, M.},
  journal={Journal of Interdimensional Physics},
  volume={3},
  number={1},
  pages={45--60},
  year={2026},
  publisher={Interdimensional Physics Research Association}
}

@article{Watanabe2026,
  title={Mental focus techniques for mana manipulation},
  author={Watanabe, S. and Ito, K.},
  journal={Journal of Psychokinesis and Parapsychology},
  volume={4},
  number={2},
  pages={88--102},
  year={2026},
  publisher={Society for Psychokinesis and Parapsychology Research}
}

@article{Kowalczyk2026,
  title={Elemental manipulation abilities among awakened individuals},
  author={Kowalczyk, A. and Nowak, P.},
  journal={Journal of Elemental Abilities Research},
  volume={1},
  number={3},
  pages={120--135},
  year={2026},
  publisher={Elemental Abilities Research Association}
}

@article{Nowak2026,
  title={Mana sources and flows in dungeon environments},
  author={Nowak, E. and Kowalska, A.},
  journal={Journal of Dungeon Ecology},
  volume={2},
  number={1},
  pages={35--50},
  year={2026},
  publisher={Dungeon Ecology Research Society}
}

@article{Adesina2027,
  title={Potential applications of mana in post-catastrophe technologies},
  author={Adesina, O. and Okafor, C.},
  journal={Journal of Mana Engineering},
  volume={3},
  number={2},
  pages={68--82},
  year={2027},
  publisher={Mana Engineering Association}
}

@article{Hofstede2027,
  title={Ethical considerations in the use of mana-based abilities},
  author={Hofstede, G. and Van den Berg, M.},
  journal={Journal of Supernatural Ethics},
  volume={1},
  number={1},
  pages={25--40},
  year={2027},
  publisher={Society for Supernatural Ethics}
}

@article{Nakamura2027,
  title={Assessing the effectiveness of mana control training programs},
  author={Nakamura, K. and Yamamoto, T.},
  journal={Journal of Awakened Education},
  volume={3},
  number={1},
  pages={42--58},
  year={2027},
  publisher={Awakened Education Association}
}

@article{Lee2027,
  title={Long-term effects of mana manipulation on awakened individuals},
  author={Lee, H. and Choi, S.},
  journal={Journal of Supernatural Health},
  volume={2},
  number={3},
  pages={110--125},
  year={2027},
  publisher={Supernatural Health Research Society}
}

@article{Seo2027,
  title={Social and economic implications of awakened abilities},
  author={Seo, J. and Park, M.},
  journal={Journal of Interdimensional Economics},
  volume={4},
  number={2},
  pages={95--110},
  year={2027},
  publisher={Interdimensional Economics Association}
}

@article{Choi2027,
  title={Mental discipline practices for awakened individuals},
  author={Choi, Y. and Jung, H.},
  journal={Journal of Mind-Body Practices},
  volume={3},
  number={1},
  pages={60--75},
  year={2027},
  publisher={Mind-Body Practices Research Society}
}

@article{Kim2027,
  title={Strategies for maintaining focus in high-stress dungeon environments},
  author={Kim, J. and Lee, S.},
  journal={Journal of Dungeon Psychology},
  volume={1},
  number={2},
  pages={82--97},
  year={2027},
  publisher={Dungeon Psychology Research Association}
}

@article{Nakano2027,
  title={Advanced technologies for mana control training},
  author={Nakano, T. and Fujita, K.},
  journal={Journal of Mana Technology},
  volume={2},
  number={1},
  pages={48--63},
  year={2027},
  publisher={Mana Technology Research Society}
}

@article{Kowalczyk2027,
  title={Policies for the responsible use of mana-based abilities},
  author={Kowalczyk, M. and Zielinski, W.},
  journal={Journal of Supernatural Policy},
  volume={3},
  number={2},
  pages={135--150},
  year={2027},
  publisher={Supernatural Policy Research Association}
}

@article{Chen2027,
  title={Risks of overexertion in mana manipulation training},
  author={Chen, X. and Liu, J.},
  journal={Journal of Supernatural Safety},
  volume={1},
  number={3},
  pages={92--105},
  year={2027},
  publisher={Supernatural Safety Research Society}
}

@article{Muller2027,
  title={Ethical training for awakened individuals in hunter guilds},
  author={Muller, E. and Becker, T.},
  journal={Journal of Supernatural Ethics},
  volume={1},
  number={2},
  pages={68--83},
  year={2027},
  publisher={Society for Supernatural Ethics}
}
@article{Watanabe2027,
  title={Mindfulness and meditation techniques for mana control},
  author={Watanabe, H. and Nakamura, Y.},
  journal={Journal of Contemplative Practices},
  volume={2},
  number={3},
  pages={115--130},
  year={2027},
  publisher={Society for Contemplative Practices Research}
}