@article{kim2027emergence,
  title={The emergence of hunter guilds in response to the interdimensional monster invasion},
  author={Kim, H. and Lee, J. and Sato, T.},
  journal={Journal of Interdimensional Sociology},
  volume={5},
  number={1},
  pages={35--48},
  year={2026}
}

@article{lee2027psychological,
  title={The psychological impact of awakening on individuals and their families},
  author={Lee, S. and Choi, J.},
  journal={Journal of Clinical Psychology},
  volume={83},
  number={4},
  pages={612--627},
  year={2027}
}

@article{nakamura2027rise,
  title={The rise of neo-feudalism: Power dynamics between hunter guilds and governments},
  author={Nakamura, S. and Watanabe, Y.},
  journal={Asian Journal of Social Sciences},
  volume={12},
  number={3},
  pages={78--92},
  year={2027}
}

@article{seo2027shamanism,
  title={Shamanism, modernity, and the evolution of South Korean hunter guilds},
  author={Seo, J. and Chung, H.},
  journal={Journal of East Asian Anthropology},
  volume={16},
  number={1},
  pages={77--92},
  year={2027}
}

@article{muller2026shifting,
  title={Shifting gender roles and family dynamics in Germany after the interdimensional catastrophe},
  author={MÃ¼ller, A. and Schmidt, H. and Becker, T.},
  journal={European Journal of Sociology},
  volume={58},
  number={1},
  pages={89--105},
  year={2026}
}

@article{smirnov2026trust,
  title={Trust in institutions and collective action in Russia's post-anomaly society},
  author={Smirnov, I. and Ivanova, O.},
  journal={Russian Sociological Review},
  volume={15},
  number={2},
  pages={120--134},
  year={2026}
}

@article{oliveira2027genetic,
  title={Genetic polymorphisms associated with the development of psychokinetic abilities in a Brazilian cohort},
  author={Oliveira, B. and Souza, R. and Pereira, P.},
  journal={American Journal of Human Genetics},
  volume={101},
  number={3},
  pages={359--367},
  year={2027}
}

@article{gao2026gut,
  title={Gut microbiome composition in individuals with supernatural abilities: A comparative study},
  author={Gao, L. and Xu, X. and Qian, J.},
  journal={Frontiers in Microbiology},
  volume={11},
  pages={1652},
  year={2026}
}

@article{al-othman2026stigma,
  title={Stigma, discrimination, and social exclusion of anomaly-affected individuals in post-catastrophe Arab societies},
  author={Al-Othman, L. and Nasser, H.},
  journal={Middle Eastern Journal of Social Psychology},
  volume={11},
  number={1},
  pages={27--39},
  year={2026}
}

@article{braun2006using,
  title={Using thematic analysis in psychology},
  author={Braun, Virginia and Clarke, Victoria},
  journal={Qualitative Research in Psychology},
  volume={3},
  number={2},
  pages={77--101},
  year={2006},
  publisher={Taylor \& Francis}
}