@article{Chen2028,
  title={Quantum Entanglement and the Future of Anti-Awakened Warfare},
  author={Chen, L. and Nakamura, S.},
  journal={Journal of Advanced Defensive Technologies},
  volume={14},
  number={2},
  pages={88--102},
  year={2028},
  publisher={World Scientific}
}

@article{Hoffman2026,
  title={The Rise of Supernatural Terrorism: Definitions, Trends, and Implications},
  author={Hoffman, B.},
  journal={Studies in Conflict \& Terrorism},
  volume={49},
  number={3},
  pages={215--231},
  year={2026},
  publisher={Routledge}
}

@article{Iwasaki2026,
  title={Dungeon Exploration and Resource Extraction: A Comparative Analysis of Japanese and South Korean Strategies},
  author={Iwasaki, H. and Park, J.},
  journal={Asian Journal of Dungeon Studies},
  volume={7},
  number={1},
  pages={22--39},
  year={2026},
  publisher={Springer}
}

@article{Kim2027,
  title={The Awakened Population in South Korea: Demographics, Abilities, and Social Integration},
  author={Kim, S. and Lee, J.},
  journal={Korean Journal of Supernatural Studies},
  volume={11},
  number={2},
  pages={120--134},
  year={2027},
  publisher={Korean Association for Supernatural Studies}
}

@article{Liu2026,
  title={The Free Awakened Army: A Case Study of Supernatural Terrorism in China},
  author={Liu, J. and Wang, X.},
  journal={Terrorism and Political Violence},
  volume={38},
  number={5},
  pages={895--912},
  year={2026},
  publisher={Routledge}
}

@article{Muller2027,
  title={Supernatural Terrorism in Europe: Trends, Challenges, and Responses},
  author={Müller, A. and Schmidt, H.},
  journal={European Journal of Supernatural Security},
  volume={9},
  number={3},
  pages={245--260},
  year={2027},
  publisher={Springer}
}

@article{Nakamura2026,
  title={The Awakened Population in Japan: Historical Context and Current Issues},
  author={Nakamura, S. and Tanaka, K.},
  journal={Japanese Journal of Supernatural Studies},
  volume={6},
  number={1},
  pages={55--68},
  year={2026},
  publisher={Japanese Association for Supernatural Studies}
}

@article{Nakamura2027,
  title={Dungeons and the Transformation of Spiritual Beliefs in Post-Catastrophe Japan},
  author={Nakamura, S. and Watanabe, H.},
  journal={Journal of Religion and Spirituality in the Post-Catastrophe World},
  volume={3},
  number={2},
  pages={78--91},
  year={2027},
  publisher={Routledge}
}

@article{Nakano2027,
  title={A Comparative Analysis of S-Rank Dungeons in Japan and South Korea},
  author={Nakano, Y. and Kim, H.},
  journal={Asian Journal of Dungeon Studies},
  volume={8},
  number={3},
  pages={210--225},
  year={2027},
  publisher={Springer}
}

@article{Sørensen2026,
  title={Classification and Characteristics of Dungeons in the Post-Catastrophe World},
  author={Sørensen, M. and Andersen, L.},
  journal={Journal of Anomalous Environment Studies},
  volume={12},
  number={4},
  pages={350--365},
  year={2026},
  publisher={Elsevier}
}