@article{adesina2027harnessing,
  title={Harnessing portal energy for agricultural innovations in Africa},
  author={Adesina, Oluwaseun and Nwankwo, Chidi and Mwangi, Ayodele},
  journal={African Journal of Agricultural Research},
  volume={22},
  number={3},
  pages={198--211},
  year={2027},
  publisher={Academic Journals}
}

@article{arrow1971theory,
  title={Theory of risk aversion},
  author={Arrow, Kenneth J},
  journal={Essays in the Theory of Risk Bearing},
  pages={90--120},
  year={1971},
  publisher={Markham Chicago}
}

@article{chowdhury2026resource,
  title={Resource allocation in high-risk environments: Evidence from the mining industry},
  author={Chowdhury, Shamsul and Rahman, Moshfiqur and Kabir, Enamul},
  journal={Resource Policy},
  volume={73},
  pages={102134},
  year={2026},
  publisher={Elsevier}
}

@article{davis2025allocation,
  title={Allocation of resources in emergency response operations},
  author={Davis, Lisa M and Samanlioglu, Funda and Qu, Xiuli},
  journal={European Journal of Operational Research},
  volume={286},
  number={2},
  pages={797--810},
  year={2025},
  publisher={Elsevier}
}

@article{kawamoto2026macroeconomic,
  title={Macroeconomic impacts of the 2025 catastrophe: A global perspective},
  author={Kawamoto, Takuji and Nakamura, Daisuke and Steinsson, J{\'o}n},
  journal={Journal of Macroeconomics},
  volume={67},
  pages={103260},
  year={2026},
  publisher={Elsevier}
}

@article{kim2027emergence,
  title={The emergence of hunter guilds in response to the monster invasion},
  author={Kim, Hyunsoo and Lee, Junseok and Sato, Takeshi},
  journal={Journal of Interdimensional Sociology},
  volume={5},
  number={1},
  pages={35--48},
  year={2027},
  publisher={SAGE Publications}
}

@article{lee2027psychological,
  title={The psychological impact of awakening on individuals and their families},
  author={Lee, Sujin and Choi, Joonho},
  journal={Journal of Clinical Psychology},
  volume={83},
  number={4},
  pages={612--627},
  year={2027},
  publisher={Wiley}
}

@article{nakagawa2026decision,
  title={Decision-making under uncertainty: Evidence from Japanese hunter-adventurers},
  author={Nakagawa, Yuichi and Saito, Masaru and Takahashi, Kazuki},
  journal={Journal of Behavioral Economics},
  volume={58},
  pages={120--135},
  year={2026},
  publisher={Elsevier}
}

@article{nakamura2026rise,
  title={The rise of neo-feudalism: Power dynamics between hunter guilds and governments},
  author={Nakamura, Shohei and Watanabe, Yuki},
  journal={Asian Journal of Social Sciences},
  volume={12},
  number={3},
  pages={78--92},
  year={2027},
  publisher={Springer}
}

@article{nguyen2027social,
  title={Social networks and informal institutions in high-risk environments},
  author={Nguyen, Thi Thanh Huong and Tran, Van Hoa and Pham, Duc Cuong},
  journal={Social Networks},
  volume={68},
  pages={231--245},
  year={2027},
  publisher={Elsevier}
}

@article{sakamoto2026emergence,
  title={The emergence of a new resource-based economy in Japan: A case study of dungeon-derived materials},
  author={Sakamoto, Yuta and Nakajima, Miki},
  journal={Asian Economic Journal},
  volume={40},
  number={2},
  pages={185--203},
  year={2026},
  publisher={Wiley}
}

@article{sato2026guilds,
  title={The organizational structures of hunter guilds in Japan},
  author={Sato, Ryuichi and Takahashi, Naoki and Watanabe, Haruka},
  journal={Journal of Organizational Studies},
  volume={18},
  number={3},
  pages={279--295},
  year={2026},
  publisher={SAGE Publications}
}

@article{singh2027global,
  title={Global trade in dungeon resources: Patterns and implications},
  author={Singh, Pritam and Gupta, Abhishek and Agarwal, Neeraj},
  journal={Journal of International Economics},
  volume={134},
  pages={103476},
  year={2027},
  publisher={Elsevier}
}

@article{stiglitz1974incentives,
  title={Incentives and risk sharing in sharecropping},
  author={Stiglitz, Joseph E},
  journal={The Review of Economic Studies},
  volume={41},
  number={2},
  pages={219--255},
  year={1974},
  publisher={Oxford University Press}
}

@article{watanabe2027contracts,
  title={Contracts and incentives in hunter-adventurer organizations},
  author={Watanabe, Toru and Nakamura, Emi and Ito, Hiroshi},
  journal={Journal of Economic Behavior \& Organization},
  volume={193},
  pages={374--391},
  year={2027},
  publisher={Elsevier}
}

@article{wu2027market,
  title={Market structure and competition in the dungeon resource industry},
  author={Wu, Xiangli and Zheng, Jing and Li, Haoyu},
  journal={Journal of Industrial Economics},
  volume={65},
  number={2},
  pages={284--307},
  year={2027},
  publisher={Wiley}
}