@article{Chen2026,
  title={The emergence of supernatural terrorism and its impact on global security},
  author={Chen, Xiaoyan and Liu, Jia},
  journal={International Journal of Supernatural Security Studies},
  volume={3},
  number={1},
  pages={44--58},
  year={2026},
  publisher={Elsevier}
}

@article{Fujita2026,
  title={Shinto rituals and the spiritual significance of the catastrophe in Japan},
  author={Fujita, Hiroshi and Miyamoto, Yuki},
  journal={Japanese Journal of Religious Studies},
  volume={53},
  number={2},
  pages={179--194},
  year={2026},
  publisher={Nanzan University}
}

@article{Ishikawa2026,
  title={Japan's "Hunter Council" and its influence on national policy-making},
  author={Ishikawa, Hiroshi and Nakajima, Yumi},
  journal={Japanese Journal of Political Science},
  volume={17},
  number={3},
  pages={310--325},
  year={2026},
  publisher={Cambridge University Press}
}

@article{Kang2026,
  title={The Kang-Park index: A new measure of awakened ability prevalence and distribution},
  author={Kang, Min-Soo and Park, Ji-Eun},
  journal={Journal of Supernatural Studies},
  volume={2},
  number={1},
  pages={25--38},
  year={2026},
  publisher={Elsevier}
}

@article{Kim2027,
  title={The awakened population in South Korea: Demographics, abilities, and social integration},
  author={Kim, Seung-Hwan and Lee, Jung-Soo},
  journal={Journal of Supernatural Studies},
  volume={16},
  number={1},
  pages={77--92},
  year={2027},
  publisher={Elsevier}
}

@article{Nakamura2026,
  title={Classifying awakened abilities: A typology and research agenda},
  author={Nakamura, Taro and Yamamoto, Sakura},
  journal={Journal of Supernatural Studies},
  volume={2},
  number={3},
  pages={200--215},
  year={2026},
  publisher={Elsevier}
}

@article{Nakamura2026b,
  title={Ethical and legal challenges of awakened abilities in the post-catastrophe world},
  author={Nakamura, Taro and Yamamoto, Sakura},
  journal={Journal of Supernatural Law and Ethics},
  volume={1},
  number={2},
  pages={120--135},
  year={2026},
  publisher={Springer}
}

@article{Sato2026,
  title={The organizational structures of hunter guilds in Japan},
  author={Sato, Ryota and Takahashi, Naomi and Watanabe, Haruki},
  journal={Journal of Organizational Studies},
  volume={18},
  number={3},
  pages={279--295},
  year={2026},
  publisher={SAGE Publications}
}

@article{Yamada2025,
  title={The Yamada-Watanabe scale: A preliminary measure of awakened ability types and prevalence},
  author={Yamada, Kenji and Watanabe, Takeshi},
  journal={Journal of Supernatural Studies},
  volume={1},
  number={1},
  pages={10--24},
  year={2025},
  publisher={Elsevier}
}

@article{Kim2027b,
  title={Coping with the trauma of awakening},
  author={Kim, Hyun-Woo and Lee, Ji-Soo and Sato, Takuya},
  journal={Journal of Clinical Psychology},
  volume={83},
  number={4},
  pages={612--627},
  year={2027},
  publisher={Wiley}
}

@article{Nakamura2027,
  title={Mana control techniques: Best practices for instructing awakened individuals},
  author={Nakamura, Emi and Kowalska, Agnieszka},
  journal={Journal of Psychokinesis and Parapsychology},
  volume={33},
  number={2},
  pages={120--134},
  year={2027},
  publisher={American Psychological Association}
}

@article{Sakamoto2027,
  title={The economics of dungeon raiding: Risk, reward, and resource allocation},
  author={Sakamoto, Yuki and Kobayashi, Kaito},
  journal={Journal of Economic Behavior \& Organization},
  volume={142},
  pages={678--692},
  year={2027},
  publisher={Elsevier}
}

@article{Fedorova2027,
  title={The role of state-owned enterprises in Russia's post-catastrophe resource management strategy},
  author={Fedorova, Natalya and Sokolov, Alexei},
  journal={Problems of Economic Transition},
  volume={59},
  number={3-4},
  pages={180--195},
  year={2027},
  publisher={Taylor \& Francis}
}

@article{Kimhunter2027,
  title={The emergence of hunter guilds in response to the portal catastrophe},
  author={Kim, Hyun-Woo and Lee, Ji-Soo and Sato, Takuya},
  journal={Journal of Interdimensional Sociology},
  volume={5},
  number={1},
  pages={35--48},
  year={2027},
  publisher={SAGE Publications}
}